@online{WinNT,
author = {MultiMedia LLC},
title = {MS Windows NT Kernel Description},
year = 1999,
url = {http://web.archive.org/web/20080207010024},
urldate = {2010-09-30}
}

@inproceedings{van2007experimental,
  title={Experimental perspectives on learning from imbalanced data},
  author={Van Hulse, Jason and Khoshgoftaar, Taghi M and Napolitano, Amri},
  booktitle={Proceedings of the 24th international conference on Machine learning},
  pages={935--942},
  year={2007},
  organization={ACM}
}

@article{guo2004learning,
  title={Learning from imbalanced data sets with boosting and data generation: the DataBoost-IM approach},
  author={Guo, Hongyu and Viktor, Herna L},
  journal={ACM SIGKDD Explorations Newsletter},
  volume={6},
  number={1},
  pages={30--39},
  year={2004},
  publisher={ACM}
}

@article{rao2012novel,
  title={A Novel Class Imbalance Learning Method using Subset Filtering},
  author={Rao, K Nageswara},
  year={2012},
  publisher={Citeseer}
}

@article{rao2012noveel,
  title={A Novel Class Imbalance Learning Method using Subset Filtering},
  author={Rao, K Nageswara},
  year={2012},
  publisher={Citeseer}
}

@article{knauff2014efficiency,
  title={An Efficiency Comparison of Document Preparation Systems Used in Academic Research and Development},
  author={Knauff, Markus and Nejasmic, Jelica},
  journal={PloS one},
  volume={9},
  number={12},
  pages={e115069},
  year={2014},
  publisher={Public Library of Science}
}

@article{brischoux2009don,
  title={Don't Format Manuscripts},
  author={Brischoux, Fran{\c{c}}ois and Legagneux, Pierre},
  journal={The Scientist},
  volume={23},
  number={7},
  pages={24},
  year={2009}
}

@article{mahajan2020cloud,
  title={Cloud detection methodologies: Variants and developmentâ€”A review},
  author={Mahajan, Seema and Fataniya, Bhavin},
  journal={Complex \& Intelligent Systems},
  volume={6},
  pages={251--261},
  year={2020},
  publisher={Springer}
}


@article{first,
  title={A cloud detection algorithm for satellite imagery based on deep learning},
  author={Jeppesen, Jacob H{\o}xbroe and Jacobsen, Rune Hylsberg and Inceoglu, Fadil and Toftegaard, Thomas Skj{\o}deberg},
  journal={Remote sensing of environment},
  volume={229},
  pages={247--259},
  year={2019},
  publisher={Elsevier}
}


@article{second,
  title={Cloud and cloud shadow detection in Landsat imagery based on deep convolutional neural networks},
  author={Chai, Dengfeng and Newsam, Shawn and Zhang, Hankui K and Qiu, Yifan and Huang, Jingfeng},
  journal={Remote sensing of environment},
  volume={225},
  pages={307--316},
  year={2019},
  publisher={Elsevier}
}

@inproceedings{third,
  title={Towards robust cloud detection in satellite images using u-nets},
  author={Grabowski, Bartosz and Ziaja, Maciej and Kawulok, Michal and Nalepa, Jakub},
  booktitle={2021 IEEE International Geoscience and Remote Sensing Symposium IGARSS},
  pages={4099--4102},
  year={2021},
  organization={IEEE}
}

@article{fourth,
  title={Cloud detection in satellite images based on natural scene statistics and gabor features},
  author={Deng, Chenwei and Li, Zhen and Wang, Wenzheng and Wang, Shuigen and Tang, Linbo and Bovik, Alan C},
  journal={IEEE Geoscience and Remote Sensing Letters},
  volume={16},
  number={4},
  pages={608--612},
  year={2018},
  publisher={IEEE}
}



@article{fifth,
  title={Distinguishing cloud and snow in satellite images via deep convolutional network},
  author={Zhan, Yongjie and Wang, Jian and Shi, Jianping and Cheng, Guangliang and Yao, Lele and Sun, Weidong},
  journal={IEEE geoscience and remote sensing letters},
  volume={14},
  number={10},
  pages={1785--1789},
  year={2017},
  publisher={IEEE}
}
